@online{statista2025social,
	author       = {Dixon, Stacy Jo},
	title        = {Most popular social networks worldwide as of {February} 2025, by number of monthly active users},
	year         = {2025},
	month        = mar,
	day          = {26},
	organization = {Statista},
	url          = {https://www.statista.com/statistics/272014/global-social-networks-ranked-by-number-of-users},
	urldate      = {2025-10-02}
}

@online{pewresearch2025social,
	author       = {St. Aubin, Christopher and Liedke, Jacob},
	title        = {Social Media and News Fact Sheet},
	year         = {2025},
	month        = sep,
	day          = {25},
	organization = {Pew Research Center},
	url          = {https://www.pewresearch.org/journalism/fact-sheet/social-media-and-news-fact-sheet},
	urldate      = {2025-10-02},
	note         = {Survey conducted August 18-24, 2025}
}

@article{azzaakiyyah2023impact,
	author  = {Azzaakiyyah, Hizbul Khootimah},
	title   = {The Impact of Social Media Use on Social Interaction in Contemporary Society},
	journal = {Technology and Society Perspectives (TACIT)},
	year    = {2023},
	month   = mar,
	doi     = {10.61100/tacit.v1i1.33},
	url     = {https://www.researchgate.net/publication/374126014}
}

@article{bertram2023open,
	author  = {Bertram, Michael G. and Sundin, Josefin and Roche, Dominique G. and Sánchez-Tójar, Alfredo and Thoré, Eli S. J. and Brodin, Tomas},
	title   = {Open science},
	journal = {Current Biology},
	year    = {2023},
	month   = aug,
	doi     = {10.1016/j.cub.2023.05.036},
	url     = {https://www.cell.com/current-biology/fulltext/S0960-9822(23)00668-1}
}